@book{aperiodic,
  title={Markov Chains and Mixing Times: Second Edition},
  author={David A. Levin and Yuval Peres},
  publisher={{American Mathematical Society}},
  address={{Providence, Rhode Island}},
  year={2017}
}

@misc{hohna20,
  author={Sebastian H\"{o}hna},
  title={Validation Scripts in RevBayes},
  year = {2020},
  howpublished = {\url{https://revbayes.github.io/developer/validation/}}
}

@misc{hohna19,
  author={H\"{o}hna S. and May M.R.},
  title={Branch-Specific Diversification Rate Estimation},
  year = {2022},
  howpublished = {\url{https://revbayes.github.io/tutorials/divrate/branch_specific.html#Hoehna2019}}
}

@article{bryant09,
  title={{Computing the distribution of a tree metric}},
  author={David Bryant and Mike Steel},
  journal={{IEEE}},
  volume={6},
  issue={3},
  pages={420--426},
  year={2009}
}

@article{mckenzie00,
  title={{Distributions of cherries for two models of trees}},
  author={Andy McKenzie and Mike Steel},
  journal={{Math. Biosci.}},
  volume={164},
  pages={81--92},
  year={2000}
}
  
@article{tracer,
  title={{Posterior summarization in Bayesian phylogenetics using Tracer 1.7}},
  author={A Rambaut and A J Drummond and D Xie and G Baele and M A Suchard},
  journal={{Syst. Biol.}},
  volume={67},
  issue={5},
  pages={901--904},
  year={2018}
}

@article{yang94,
  title={Maximum likelihood phylogenetic estimation from DNA sequences with variable rates over sites: approximate methods},
  author={Ziheng Yang},
  journal={{J. Mol. Evol.}},
  volume={39},
  pages={306--314},
  year={1994}
}

@article{foulds81,
  title={Comparison of phylogenetic trees},
  author={D.F. Robinson and L.R. Foulds},
  journal={{Math. Biosci.}},
  volume={53},
  issue={1--2},
  pages={131--147},
  year={1981}
}

@article{fel73,
  title={Maximum Likelihood and Minimum-Steps Methods for Estimating Evolutionary Trees from Data on Discrete Characters},
  author={Joseph Felsenstein},
  journal={{Syst. Zool.}},
  volume={22},
  issue={3},
  pages={240--249},
  year={1973}
}

@article{gaboriau20,
  title={A multi‐platform package for the analysis of intra‐ and interspecific trait evolution},
  author={Th\'{e}o Gaboriau and F\'{a}bio K. Mendes and Simon Joly and Daniele Silvestro and Nicolas Salamin},
  journal={{Methods Ecol. Evol.}},
  volume={11},
  issue={11},
  pages={1439--1447},
  year={2020}
}

@article{ree09,
  title={Prospects and challenges for parametric models in historical biogeographical inference},
  author={Richard H Ree and Isabel Sanmart\'{i}n},
  journal={{J. Biogeogr.}},
  volume={36},
  pages={1211--1220},
  year={2009}
}

@article{matzke22,
  title={{Statistical comparison of DEC and DEC+J is identical to comparison of two ClaSSE submodels, and is therefore valid}},
  author={Nick J Matzke},
  journal={{J. Biogeogr.}},
  volume={49},
  issue={10},
  pages={1805--1824},
  year={2022}
}

@article{goldberg11,
  title={Phylogenetic Inference of Reciprocal Effects between Geographic Range Evolution and Diversification},
  author={Emma E. Goldberg and Lesley T. Lancaster and Richard H. Ree},
  journal={{Syst. Biol.}},
  volume={60},
  issue={4},
  pages={451--465},
  year={2011}
}
  
@article{ree08,
  title={{Maximum likelihood inference of geographic range evolution by dispersal, local extinction, and cladogenesis}},
  author={Richard H Ree and Stephen A. Smith},
  journal={{Syst. Biol.}},
  volume={57},
  issue={1},
  pages={4--14},
  year={2008}
}

@article{rpanda,
  title={{RPANDA: an R package for macroevolutionary analyses on phylogenetic trees}},
  author={H\'{e}l\`{e}ne Morlon and Eric Lewitus and Fabien L. Condamine and Marc Manceau and Julien Clavel and Jonathan Drury},
  journal={{Methods Ecol. Evol.}},
  volume={7},
  issue={5},
  pages={589--597},
  year={2016}
}

@article{phangorn,
  title={{phangorn: phylogenetic analysis in R}},
  author={Klaus P. Schliep},
  journal={Bioinformatics},
  volume={27},
  issue={4},
  pages={592--593},
  year={2011}
}

@article{mendes24,
  title={{PhyloJunction: a computational framework for simulating, developing, and teaching evolutionary models}},
  author={F\'{a}bio K. Mendes and Michael J. Landis},
  journal={{Syst. Biol.}},
  pages={(in press)},
  year={2024}
}
  
@article{revbayes,
  title={{RevBayes: Bayesian phylogenetic inference using graphical models and an interactive model-specification language}},
  author={Sebastian H\"{o}hna and Michael J. Landis and Tracy A. Heath and Bastien Boussau and Nicolas Lartillot and Brian R. Moore and John P. Huelsenbeck and Fredrik Ronquist},
  journal={{Syst. Biol.}},
  volume={65},
  issue={4},
  year={2016},
  pages={726--736}
}
  
@article{castor,
  title={Efficient comparative phylogenetics on large trees},
  author={Stilianos Louca and Michael Doebeli},
  journal={Bioinformatics},
  volume={34},
  issue={6},
  pages={1053--1055},
  year={2018}
}

@article{mchugh22,
  title={Jointly modeling species niche and phylogenetic model in a Bayesian hierarchical framework},
  author={Sean W McHugh and Anah\'{i} Esp\'{i}ndola and Emma White and Josef Uyeda},
  journal={bio{R}xiv},
  pages={1--57},
  year=2022
}


@article{mooers12,
  author={Arne Mooers and Oliver Gascuel and Tanja Stadler and Heyang Li and Mike Steele},
  title={Branch lengths on birth-death trees and the expected loss of phylogenetic diversity},
  journal={{Syst. Biol.}},
  volume={61},
  issue={2},
  pages={195--203},
  year={2012}
}

@article{goldberg12,
  author={Emma E. Goldberg and Boris Igi\'{c}},
  title={Tempo and mode in plant breeding system evolution},
  journal={Evolution},
  volume={66},
  issue={12},
  pages={3701--3709},
  year={2012}
}

@article{scire22,
  title={Robust phylodynamic analysis of genetic sequencing data from structured populations},
  author={J\'{e}remie Scir\'{e} and Jo\"{e}lle {Barido-Sottani} and Denise K\"{u}hnert and Timothy G. Vaughan and Tanja Stadler},
  journal={Viruses},
  volume={14},
  issue={1648},
  pages={1--18},
  year={2022}
}

@article{fitzjohn10,
  title={Quantitative traits and diversification},
  author={Rich G. Fitzjohn},
  journal={{Syst. Biol.}},
  volume={59},
  issue={6},
  pages={619--633},
  year={2010}
}

@phdthesis{gernhard06,
  title={{Stochastic models of speciation events in phylogenetic trees}},
  author={Tanja Gernhard},
  year={2006},
  school={Technical University of Munich},
  type={{PhD thesis}}
}

@article{gernhard08,
  author={Tanja Gernhard},
  title={New analytic results for speciation times in neutral models},
  journal={{Bull. Math. Biol.}},
  volume={70},
  pages={1082--1097},
  year={2008}
}

@article{aldous05,
  author={D Aldous and L Popovic},
  title={A critical branching process model for biodiversity},
  journal={{Adv. Appl. Probab.}},
  volume={27},
  issue={4},
  pages={1094--1115},
  year={2005}
}

@article{tj83,
  title={Evolutionary relationship of {DNA} sequences in finite populations},
  author={Fumio Tajima},
  journal={Genetics},
  volume={105},
  number={2},
  pages={437--60},
  year={1983}
}

@article{kim19,
  title={Probabilities of unranked and ranked anomaly zones under birth–death models},
  journal={{Mol. Biol. Evol.}},
  author={Anastasiia Kim and Noah A Rosenberg and James H Degnan},
  volume={37},
  issue={5},
  pages={1480--1494},
  year={2019}
}
  
@article{gavryushkina13,
  title={Recursive algorithms for phylogenetic tree counting},
  author={Alexandra Gavryushkina and David Welch and Alexei J Drummond},
  journal={{Algorithms Mol. Biol.}},
  volume={8},
  number={26},
  pages={1--13},
  year={2013}
}

@article{douglas22,
  title={{StarBeast3: adaptive parallelized {B}ayesian inference under the multispecies coalescent}},
  author={Jourdan Douglas and Cinthy L {Jim\'{e}nez-Silva} and Remco Bouckaert},
  journal={{Syst. Biol.}},
  volume={71},
  issue={4},
  pages={901--915},
  year={2022}
}

@article{bouckaert22,
  title={An efficient coalescent epoch model for {B}ayesian phylogenetic inference},
  author={Remco R Bouckaert},
  journal={{Syst. Biol.}},
  volume={71},
  issue={6},
  pages={1549--1560},
  year={2022}
}

@article{douglas21,
  title={Adaptive dating and fast proposals: revisiting the phylogenetic relaxed clock model},
  author={Jordan Douglas and Rong Zhang and Remco Bouckaert},
  journal={{PLoS Comp. Biol.}},
  volume={17},
  issue={2},
  pages={e1008322},
  year={2021}
}

@book{beast2book,
  title={Bayesian evolutionary analysis with {BEAST}},
  author={Alexei J Drummond and R. R. Bouckaert},
  publisher={{Cambridge University Press}},
  year={2015}
}

@book{wakeley09,
  title={Coalescent theory: an introduction},
  author={John Wakeley},
  publisher={Greenwood {V}illage: {R}oberts and Company Publishers},
  year={2009}
}

@book{harmon18,
  title={Phylogenetic comparative methods: learning from trees},
  author={Luke K. Harmon},
  year={2018}
}

@article{omeara12,
  title={Evolutionary inferences from phylogenies: a review of methods},
  author={Brian C. {O'Meara}},
  journal={{Annu. Rev. Ecol. Evol. Syst.}},
  volume={43},
  pages={265--285},
  year={2012}
}

@article{brown20,
  title={The diverse applications of tree set visualization and exploration},
  author={Jeremy Brown and Genevieve G Mount and Kyle A Gallivan and James C Wilgenbusch},
  journal={{EcoEvoRxiv}},
  year={2020}
}

@article{andreoletti22,
  title={The occurrence birth-death process for combined-evidence analysis in macroevolution and epidemiology},
  author={J\'{e}r\'{e}my Andr\'{e}oletti and Antoine Zwaans and Rachel C M Warnock and Gabriel {Aguirre-Fern\'{a}ndez} and Jo\"{e}lle {Barido--Sottani} and Ankit Gupta and Tanja Stadler and Marc Manceau},
  journal={{Syst. Biol.}},
  volume={71},
  issue={6},
  pages={1440--1452},
  year={2022}
}

@article{rosenberg02,
  title={The probability of topological concordance of gene trees and species trees},
  author={Noah A. Rosenberg},
  journal={{Theor. Popul. Biol.}},
  volume={61},
  pages={225--247},
  year={2002}
}

@article{shapiro2000,
  author={Beth Shapiro and Andrew Rambaut and Alexei J. Drummond},
  title={Choosing appropriate substitution models for the phylogenetic analysis of protein-coding sequences},
  journal={Genetics},
  volume={23},
  issue={1},
  pages={7--9},
  year={2000}
}

@article{tuffley97,
  author={C Tuffley and Mike Steel},
  title={Links between maximum likelihood and maximum parsimony under a simple model of site substitution},
  journal={{Bull. Math. Biol.}},
  volume={59},
  pages={581--607},
  year={1997}
}
  
@article{steel20,
  author={Mike Steel and David Penny},
  journal={{Mol. Biol. Evol.}},
  title={Parsimony, Likelihood, and the Role of Models in Molecular Phylogenetics},
  volume={17},
  issue={6},
  pages={839--850},
  year={2000}
}

@article{nylander04,
  author={Johan A A Nylander and Fredrik Ronquist and John P Huelsenbeck and Jos{\'e}luis Nieves-Aldrey},
  journal={{S}yst. {B}iol.},
  number={1},
  pages={47--67},
  publisher={Society of Systematic Zoology},
  title={{B}ayesian phylogenetic analysis of combined data},
  volume={53},
  year={2004}}

@article{zhang24,
  author={Rong Zhang and Alexei J. Drummond and F\'{a}bio K. Mendes},
  title={Fast {B}ayesian inference of phylogenies from multiple continuous characters},
  journal={{Syst. Biol.}},
  volume={73},
  issue={1},
  pages={102--124},
  year={2024}
}
  
@article{fitzjohn12,
  author={Richard G. Fitz{J}ohn},
  title={Diversitree: comparative phylogenetic analyses of diversification in {R}},
  journal={{Methods Ecol. Evol.}},
  volume={3},
  issue={6},
  pages={1084--1092},
  year={2012}
}

@article{drummond23,
  author={Alexei J. Drummond and Kylie Chen and F\'{a}bio K. Mendes and Dong Xie},
  title={{LinguaPhylo}: a probabilistic model specification language for reproducible phylogenetic analyses},
  journal={{PLoS Comp. Biol.}},
  volume={19},
  issue={7},
  pages={e1011226},
  year={2023}
}

@article{kelleher16,
  author={Jerome Kelleher and Alison M. Etheridge and Gilean McVean},
  title={Efficient Coalescent Simulation and Genealogical Analysis for Large Sample Sizes},
  journal={{PLoS Comp. Biol.}},
  volume={12},
  issue={5},
  pages={e1004842},
  year={2016}
}

@article{luo23,
  title={Impacts of taxon-sampling schemes on {B}ayesian tip dating under the fossilized birth-death process},
  author={Arong Luo and Chi Zhang and Qing-Song Zhou and Simon Y W Ho and Chao-Dong Zhu},
  journal={{Syst. Biol.}},
  volume={72},
  issue={4},
  pages={781–801},
  year={2023}
}
  
@article{luo20,
  title={A simulation-based evaluation of tip-dating under the fossilized birth-death process},
  author={Arong Luo and David A Duch\^{e}ne and Chi Zhang and Chao-Dong Zhu and Simon Y W Ho},
  journal={{Syst. Biol.}},
  volume={69},
  issue={2},
  pages={325--344},
  year={2020}
}

@article{stadler10,
  title={Sampling-through-time in birth--death trees},
  author={Stadler, Tanja},
  journal={{J}. {T}heor. {B}iol.},
  volume={267},
  number={3},
  pages={396--404},
  year={2010},
  publisher={Elsevier}
}

@book{semple03,
  title={Phylogenetics},
  author={Semple, Charles and Steel, Mike and others},
  volume={24},
  year={2003},
  publisher={Oxford University Press}
}

@article{gavryushkin16,
  title={The space of ultrametric phylogenetic trees},
  author={Alex Gavryushkin and Alexei J Drummond},
  journal={{J. Theor. Biol.}},
  volume={403},
  pages={197--208},
  year={2016}
}

@article{moore16,
  title={Critically evaluating the theory and performance of {B}ayesian analysis of macroevolutionary mixtures},
  author={Brian R Moore and Sebastian H\"{o}hna and Michael R May and Bruce Rannala and John P Huelsenbeck},
  journal={{Proc. Natl. Acad. Sci. USA.}},
  volume={113},
  issue={4},
  pages={9569--9574},
  year={2016}
}

@article{rabosky13,
  title={Rates of speciation and morphological evolution are correlated across the largest vertebrate radiation},
  author={Daniel L Rabosky and Francesco Santini and Jonathan Eastman and Stephen A. Smith and Brian Sidlauskas and Jonathan Chang and Michael E. Alfaro},
  journal={{Nat. Commun.}},
  volume={4},
  number={1958},
  pages={1--8},
  year={2013}
  }

@article{rabosky15,
  title={Model inadequacy and mistaken inferences of trait-dependent speciation},
  author={Daniel L Rabosky and Emma E Goldberg},
  journal={{Syst. Biol.}},
  volume={64},
  issue={2},
  pages={340--355},
  year={2015}
}

@article{maddison07,
  title={Estimating a binary character's effect on speciation and extinction},
  author={Wayne P Maddison and Peter E Midford and Sarah P Otto},
  journal={{Syst. Biol.}},
  volume={56},
  issue={5},
  pages={701--710},
  year={2007}
}

@article{brown18,
  title={Evaluating model performance in evolutionary biology},
  author={Jeremy M Brown and Robert C Thomson},
  journal={{Annu. Rev. Ecol. Evol. Syst.}},
  volume={49},
  pages={95--114},
  year={2018}
}
  
@article{shepherd18,
  title={How well does your phylogenetic model fit Your data?},
  author={Daisy A Shepherd and Steffen Klaere},
  journal={{Syst. Biol.}},
  volume={68},
  issue={1},
  pages={157--167},
  year={2018}
}

@article{mendes19,
  title={The perils of intralocus recombination for inferences of molecular convergence},
  author={F\'{a}bio K. Mendes and Andrew P. Livera and Matthew W. Hahn},
  journal={{Philosophical Transactions of the Royal Society B}},
  volume={374},
  pages={20180244},
  year={2019}
}

@article{ogilvie22,
  title={Novel integrative modeling of molecules and morphology across evolutionary timescales},
  author={Huw A. Ogilvie and F\'{a}bio K. Mendes and Nicholas J. Matzke and Tanja Stadler and David Welch and Alexei J. Drummond},
  journal={{Syst. Biol.}},
  volume={71},
  issue={1},
  pages={208--220},
  year={2022}
}

@incollection{box79,
  author={George E P Box},
  title={Robustness in the strategy of scientific model building},
  editor={Robert L Launer and Graham N Wilkinson},
  booktitle={Robustness in statistics},
  publisher={{Academic Press}},
  pages={201--236},
  year={1979}
}

@article{lartillot11,
  title={A phylogenetic model for investigating correlated evolution of substitution rates and continuous phenotypic characters},
  author={Nicolas Lartillot and Rapha\"{e}l Poujol},
  journal={{Mol. Biol. Evol.}},
  volume={28},
  issue={1},
  pages={},
  year={2011}
}

@article{sullivan97,
  title={Are Guinea pigs rodents? The importance of adequate models in molecular phylogenetics},
  author={Jack Sullivan and David L Swofford},
  journal={{J. Mamm. Evol.}},
  volume={4},
  pages={77--86},
  year={1997}
}

@article{metropolis53,
  author={Nicholas Metropolis and Arianna W. Rosenbluth and Marshall N. Rosenbluth and Augusta H. Teller},
  title={Equation of state calculations by fast computing machines},
  journal={{J. Chem. Phys.}},
  volume={21},
  issue={6},
  pages={1087--1092},
  year={1953}
}

@article{novikova16,
  author={Novikova, Polina Yu and Hohmann, Nora and Nizhynska, Viktoria and Tsuchimatsu, Takashi and Ali, Jamshaid and Muir, Graham and Guggisberg, Alessia and Paape, Tim and Schmid, Karl and Fedorenko, Olga M. and Holm, Svante and S{\"{a}}ll, Torbj{\"{o}}rn and Schl{\"{o}}tterer, Christian and Marhold, Karol and Widmer, Alex and Sese, Jun and Shimizu, Kentaro K. and Weigel, Detlef and Kr{\"{a}}mer, Ute and Koch, Marcus A. and Nordborg, Magnus},
  journal={{Nat. Genet.}},
  number={9},
  pages={1077-1082},
  title={{Sequencing of the genus \emph{Arabidopsis} identifies a complex history of nonbifurcating speciation and abundant trans-specific polymorphism}},
  volume={48},
  year={2016}
}

@article{Consortium2012,
abstract = {The evolutionary importance of hybridization and introgression has long been debated. Hybrids are usually rare and unfit, but even infrequent hybridization can aid adaptation by transferring beneficial traits between species. Here we use genomic tools to investigate introgression in Heliconius, a rapidly radiating genus of neotropical butterflies widely used in studies of ecology, behaviour, mimicry and speciation. We sequenced the genome of Heliconius melpomene and compared it with other taxa to investigate chromosomal evolution in Lepidoptera and gene flow among multiple Heliconius species and races. Among 12,669 predicted genes, biologically important expansions of families of chemosensory and Hox genes are particularly noteworthy. Chromosomal organization has remained broadly conserved since the Cretaceous period, when butterflies split from the Bombyx (silkmoth) lineage. Using genomic resequencing, we show hybrid exchange of genes between three co-mimics, Heliconius melpomene, Heliconius timareta and Heliconius elevatus, especially at two genomic regions that control mimicry pattern. We infer that closely related Heliconius species exchange protective colour-pattern genes promiscuously, implying that hybridization has an important role in adaptive radiation.},
author = {{The \emph{Heliconius} Genome Consortium}},
doi = {10.1038/nature11041},
isbn = {0028-0836},
issn = {0028-0836},
journal = {Nature},
number = {7405},
pages = {94--98},
pmid = {22722851},
title = {{Butterfly genome reveals promiscuous exchange of mimicry adaptations among species}},
url = {http://www.nature.com/nature/journal/v487/n7405/full/nature11041.html{\%}5Cnhttp://www.nature.com/nature/journal/v487/n7405/pdf/nature11041.pdf},
volume = {487},
year = {2012}
}

@article{1000g,
  title={{A global reference for human genetic variation}},
  author={{The 1000 Genomes Project Consortium}},
  journal={Nature},
  volume={526},
  pages={68-74},
  year={2015}
}

@article{humanmicrobiome,
  title={{A framework for human microbiome research}},
  author={{Human Microbiome Project Consortium}},
  journal={Nature},
  volume={486},
  pages={215-221},
  year={2012}
}

@article{upham19,
  title={{Inferring the mammal tree: Species-level sets of phylogenies for questions in ecology, evolution, and conservation}},
  author={Nathan S. Upham and Jacob A. Esselstyn and Walter Jetz},
  journal={{PLoS Biol.}},
  volume={17},
  issue={12},
  pages={e3000494},
  year={2019}
}

@article{demanuel16,
  author={Marc de Manuel and others},    
  title={{Chimpanzee genomic diversity reveals ancient admixture with bonobos}},
  journal={Science},
  volume={354},
  issue={6311},
  pages={477-81},
  year={2016}
}

@article{lynch07,
  author={Michael Lynch},
  title={{Population genomics of \emph{Daphnia pulex}}},
  journal={Genetics},
  volume={206},
  issue={1},
  pages={315-32},
  year={2007}
}

@article{lack16,
  author={Justin B Lack and Jeremy D Lange and Alison D Tang and Russel B Corbett-Detig and John E Pool},
  title={{A thousand fly genomes: an expanded \emph{Drosophila} genome nexus}},
  journal={{Mol. Biol. Evol.}},
  volume={33},
  issue={12},
  pages={3308-13},
  year={2016}
}

@article{gibson15,
  author={Amanda K Gibson and Jesualdo A Fuentes-Gonz\'{a}lez},
  title={{A phylogenetic test of the Red Queen Hypothesis: outcrossing and parasitism in the Nematode phylum}},
  journal={Evolution},
  volume={69},
  issue={2},
  pages={530-40},
  year={2015}
}
  
@article{lively87,
  author={Curtis M Lively},
  title={{Evidence from a New Zealand snail for the maintenance of sex by parasitism}},
  journal={Nature},
  volume={328},
  pages={519-21},
  year={1987}
}

@article{vanvalen73,
  author={Leigh {Van Valen}},
  title={A new evolutionary law},
  journal={{Evol. Theory}},
  volume={1},
  issue={1},
  pages={1--30},
  year={1973}
}

@article{morran11,
  author={Levi T Morran and Olivi G Schmidt and Ian A Gelarden and Raymond C Parrish II and Curtis M Lively},
  title={{Running with the Red Queen: host-parasite coevolution selects for biparental sex}},
  journal={Science},
  volume={333},
  issue={6039},
  pages={216-18},
  year={2011}
}

@article{revell12,
  author={Liam Revell},
  title={{phytools: an R package for phylogenetic comparative biology (and other things)}},
  journal={{Methods Ecol. Evol.}},
  volume={3},
  issue={2},
  pages={217--23},
  year={2012}
}

@article{clavel15,
  author={Julien Clavel and Gilles Escarguel and Gildas Merceron},
  title={{mvMORPH: an R package for fitting multivariate evolutionary models to morphometric data}},
  journal={{Methods Ecol. Evol.}},
  volume={6},
  issue={11},
  pages={1311--19},
  year={2015}
}

@article{rosenblum13,
  author={Erica B Rosenblum and Timothy Y James and Kelly R Zamudio and Thomas J Poorten and Dan Ilut and David Rodriguez and Jonathan M Eastman and Katy Richards-Hrdlicka and Suzanne Joneson and Thomas S Jenkinson and Joyce E Longcore and Gabriela Parra Olea and Lu\'{i}s Felipe Toledo and Maria Luz Arellano and Edgar M Medina and Silvia Restrepo and Sandra Victoria Flechas and Lee Berger and Cheryl J Briggs and Jason E Stajich},
  title={{Complex history of the amphibian-killing chytrid fungus revealed with genome resequencing data}},
  journal={{Proc. Natl. Acad. Sci. USA.}},
  volume={110},
  issue={23},
  pages={9385-90},
  year={2013}
}
  
@article{bates18,
  author={Kieran A Bates and Frances C Clare and Simon O'Hanlon and Jaime Bosch and Lola Brookes and Kevin Hopkins and Emilia J McLaughlin and Olivia Daniel and Trenton W J Garner and Matthew C Fisher and Xavier A Harrison},
  title={{Amphibian chytridiomycosis outbreak dynamics are linked with host skin bacterial community structure}},
  journal={Nature Comm.},
  volume={9},
  issue={693},
  pages={1-11},
  year={2018}
}

@article{dob36,
  title={{Studies on hybrid sterility. II. Localization of sterility factors in \emph{Drosophila pseudoobscura} hybrids}},
  author={Theodosius Dobzhansky},
  journal={Genetics},
  volume={21},
  pages={113-35},
  year={1936}
}

@article{orr96,
  author={H Allen Orr},
  title={{Dobzhansky, Bateson, and the Genetics of Speciation}},
  journal={Genetics},
  volume={144},
  pages={1331-35},
  year={1996}
}

@article{servedio14,
  author={Maria R Servedio and Yaniv Brandvain and Sumit Dhole and Courtney L Fitzpatrick and Emma E Goldberg and Caitlin A Stern and Jeremy Van Cleve and D Justing Yeh},
  title={{Not just a theory -- the utility of mathematical models in evolutionary biology}},
  journal={{PLoS Biology}},
  volume={12},
  issue={12},
  pages={e1002017},
  year={2014}
}

@article{mendes18b,
  author={F\'{a}bio K Mendes and Jesualdo A Fuentes-Gonz\'{a}lez and Joshua Schraiber and Matthew W Hahn},
  title={{A multispecies coalescent model for quantitative traits}},
  journal={{eLife}},
  volume={7},
  pages={e36482},
  year={2018}
}

@article{reinhold99,
  author={K Reinhold and L Engqvist and B Misof and J Kurtz},
  title={{Meiotic drive and evolution of female choice}},
  journal={Proc. R. Soc. Lond. B},
  volume={266},
  pages={1341-45},
  year={1999}
}

@article{hky,
  author={M Hasegawa and H Kishino and T A Yano},
  title={{Dating of the human age splitting by a molecular clock of mitochondrial-DNA}},
  journal={{J. Mol. Evol.}},
  volume={22},
  pages={160-74},
  year={1985}
}

@article{hmc,
  author={Simon Duane and Anthony D. Kennedy and Brian J Pendleton and Duncan Roweth},
  title={{Hybrid Monte Carlo}},
  journal={{Phys. Lett. B}},
  volume={195},
  number={2},
  pages={216--22},
  year={1987}
}  

@inproceedings{fel04,
  author={Joseph Felsenstein},
  booktitle={Inferring phylogenies},
  publisher={Sinauer Associates},
  year={2004}
}

@article{hudson90,
  author={R R Hudson},
  title={{Gene genealogies and the coalescent process}},
  journal={{Oxf. Surv. Evol. Biol.}},
  volume={11},
  pages={1-44},
  year={1990}
}

@article{hudson02,
  author={R R Hudson},
  title={{Generating samples under a Wright-Fisher neutral model}},
  journal={Bioinformatics},
  volume={18},
  issue={2},
  pages={337-8},
  year={2002}
}

@article{rambaut97,
  author={Andrew Rambaut and Nicholas C Grass},
  title={{Seq-Gen: an application for the Monte Carlo simulation of DNA sequence evolution along phylogenetic trees}},
  journal={Bioinformatics},
  volume={13},
  issue={3},
  pages={235-38},
  year={1997}
}

@article{vaughan24,
  author={Timothy G Vaughan},
  title={{ReMASTER: improved phylodynamic simulation for BEAST 2.7}},
  journal={Bioinformatics},
  volume={40},
  issue={1},
  pages={btae015},
  year={2024}
}

@article{vaughan13,
  author={Timothy G Vaughan and Alexei J Drummond},
  title={{A stochastic simulator of birth–death master equations with application to phylodynamics}},
  journal={{Mol. Biol. Evol.}},
  volume={30},
  issue={6},
  pages={1480},
  year={2013}
}

@article{haller19,
  author={Benjamin C Haller and Philipp W Messer},
  title={{SLiM 3: Forward genetic simulations beyond the Wright–Fisher model}},
  journal={{Mol. Biol. Evol.}},
  volume={36},
  issue={3},
  year={2019}
}

@article{stadler11,
  author={Tanja Stadler},
  title={Simulating trees with a fixed number of extant species},
  journal={{Syst. Biol.}},
  volume={60},
  issue={5},
  pages={676--84},
  year={2011}
}

@article{yule24,
  author={G U Yule},
  title={{A mathematical theory of evolution based on the conclusions of Dr. J.C. Willis, FRS}},
  journal={{Philos. Trans. R. Soc. London Ser. B}},
  volume={213},
  pages={21-87},
  year={1924}
}

@article{aldous01,
  author={David J Aldous},
  title={{Stochastic models and descriptive statistics for phylogenetic trees, from Yule to today}},
  journal={{Stat. Sci.}},
  volume={16},
  issue={1},
  pages={23--24},
  year={2001}
}

@article{nee01,
  author={Sean Nee},
  title={Inferring speciation rates from phylogenies},
  journal={Evolution},
  volume={55},
  issue={4},
  pages={661--8},
  year={2001}
}

@article{nee06,
  author={Sean Nee},
  title={{Birth-death models in macroevolution}},
  journal={{Annu. Rev. Ecol. Evol. Syst.}},
  volume={37},
  pages={1--17},
  year={2006}
}

@inproceedings{du18,
  title={Species tree and reconciliation estimation under a duplication-loss-coalescence model},
  author={Peng Du and Luay Nakhleh},
  booktitle={{ACM-BCB'18: 9th ACM International Conference on Bioinformatics, Computational Biology and Health Informatics}},
  year={2018}
}

@article{kingman82,
  author={John F C Kingman},
  title={{On the genealogy of large populations}},
  journal={{J. Appl. Probab.}},
  volume={19},
  pages={27-43},
  year={1982}
}
  
@article{darriba18,
  author={Diego Darriba and Tom\'{a}\v{s} Flouri and Alexandros Stamatakis},
  title={The state of software for evolutionary biology},
  journal={{Mol. Biol. Evol.}},
  volume={35},
  issue={5},
  pages={1037--46},
  year={2018}
}

@article{siepel19,
  author={Adam Siepel},
  title={Challenges in funding and developing genomic software: roots and remedies},
  journal={{Genome Biol.}},
  volume={20},
  number={147},
  year={2019}
}
  
@article{neafsey15,
  author={Neafsey, Daniel E. and Waterhouse, Robert M. and Abai, Mohammad R. and Aganezov, Sergey S. and Alekseyev, Max A. and Allen, James E. and Amon, James and Arc{\`{a}}, Bruno and Arensburger, Peter and Artemov, Gleb and Assour, Lauren A. and Basseri, Hamidreza and Berlin, Aaron and Birren, Bruce W. and Blandin, Stephanie A. and Brockman, Andrew I. and Burkot, Thomas R. and Burt, Austin and Chan, Clara S. and Chauve, Cedric and Chiu, Joanna C. and Christensen, Mikkel and Costantini, Carlo and Davidson, Victoria L.M. and Deligianni, Elena and Dottorini, Tania and Dritsou, Vicky and Gabriel, Stacey B. and Guelbeogo, Wamdaogo M. and Hall, Andrew B. and Han, Mira V. and Hlaing, Thaung and Hughes, Daniel S.T. and Jenkins, Adam M. and Jiang, Xiaofang and Jungreis, Irwin and Kakani, Evdoxia G. and Kamali, Maryam and Kemppainen, Petri and Kennedy, Ryan C. and Kirmitzoglou, Ioannis K. and Koekemoer, Lizette L. and Laban, Njoroge and Langridge, Nicholas and Lawniczak, Mara K.N. and Lirakis, Manolis and Lobo, Neil F. and Lowy, Ernesto and MacCallum, Robert M. and Mao, Chunhong and Maslen, Gareth and Mbogo, Charles and McCarthy, Jenny and Michel, Kristin and Mitchell, Sara N. and Moore, Wendy and Murphy, Katherine A. and Naumenko, Anastasia N. and Nolan, Tony and Novoa, Eva M. and O'Loughlin, Samantha and Oringanje, Chioma and Oshaghi, Mohammad A. and Pakpour, Nazzy and Papathanos, Philippos A. and Peery, Ashley N. and Povelones, Michael and Prakash, Anil and Price, David P. and Rajaraman, Ashok and Reimer, Lisa J. and Rinker, David C. and Rokas, Antonis and Russell, Tanya L. and Sagnon, N'Fale and Sharakhova, Maria V. and Shea, Terrance and Sim{\~{a}}o, Felipe A. and Simard, Frederic and Slotman, Michel A. and Somboon, Pradya and Stegniy, Vladimir and Struchiner, Claudio J. and Thomas, Gregg W.C. and Tojo, Marta and Topalis, Pantelis and Tubio, Jos{\'{e}} M.C. and Unger, Maria F. and Vontas, John and Walton, Catherine and Wilding, Craig S. and Willis, Judith H. and Wu, Yi Chieh and Yan, Guiyun and Zdobnov, Evgeny M. and Zhou, Xiaofan and Catteruccia, Flaminia and Christophides, George K. and Collins, Frank H. and Cornman, Robert S. and Crisanti, Andrea and Donnelly, Martin J. and Emrich, Scott J. and Fontaine, Michael C. and Gelbart, William and Hahn, Matthew W. and Hansen, Immo A. and Howell, Paul I. and Kafatos, Fotis C. and Kellis, Manolis and Lawson, Daniel and Louis, Christos and Luckhart, Shirley and Muskavitch, Marc A.T. and Ribeiro, Jos{\'{e}} M. and Riehle, Michael A. and Sharakhov, Igor V. and Tu, Zhijian and Zwiebel, Laurence J. and Besansky, Nora J.},
  journal = {Science},
  number = {6217},
  pages = {1258522},
  pmid = {25554792},
  title = {{Highly evolvable malaria vectors: the genomes of 16 Anopheles mosquitoes}},
  volume = {347},
  year = {2015}
}

@article{Natarajan2016,
    author = {Natarajan, Chandrasekhar and Hoffmann, Federico G. and Weber, Roy E. and Fago, Angela and Witt, Christopher C. and Storz, Jay F.},
    doi = {10.1126/science.aaf9070},
    isbn = {1095-9203 (Electronic)$\backslash$r0036-8075 (Linking)},
    issn = {10959203},
    journal = {Science},
    number = {6310},
    pages = {336--339},
    pmid = {27846568},
    title = {{Predictable convergence in hemoglobin function has unpredictable molecular underpinnings}},
    volume = {354},
    year = {2016}
}

@article{Partha2017,
 author = {Partha, Raghavendran and Chauhan, Bharesh K. and Ferreira, Zelia and Robinson, Joseph D. and Lathrop, Kira and Nischal, Ken K. and Chikina, Maria and Clark, Nathan L.},
 doi = {10.7554/eLife.25884.001},
 issn = {2050084X},
 journal = {eLife},
 pages = {e25884},
 pmid = {29035697},
 title = {{Subterranean mammals show convergent regression in ocular genes and enhancers, along with adaptation to tunneling}},
 volume = {6},
 year = {2017}
}

@article{Thomas2017,
 author = {Thomas, Gregg W.C. and Hahn, Matthew W. and Hahn, Yoonsoo},
 doi = {10.1093/gbe/evw306},
 isbn = {1759-6653},
 issn = {17596653},
 journal = {Genome Biol. Evol.},
 keywords = {Convergent evolution,Molecular convergence,Taxonomic sampling},
 number = {1},
 pages = {213--221},
 pmid = {28057728},
 title = {{The effects of increasing the number of taxa on inferences of molecular convergence}},
 volume = {9},
 year = {2017}
}

@article{Goldstein2015,
 author = {Goldstein, Richard A. and Pollard, Stephen T. and Shah, Seena D. and Pollock, David D.},
 doi = {10.1093/molbev/msv041},
 isbn = {1537-1719 (Electronic)$\backslash$r0737-4038 (Linking)},
 issn = {15371719},
 journal = {Mol. Biol. Evol.},
 keywords = {Stokes shift,Stokes-Fisher model,adaptation,amino acid propensities,coevolution,convergence,epistasis,epistatic interactions,evolutionary process,molecular evolution,phylogenetics,selection,thermodynamics},
 number = {6},
 pages = {1373--1381},
 pmid = {25737491},
 title = {{Nonadaptive amino acid convergence rates decrease over time}},
 volume = {32},
 year = {2015}
}

 @article{Uyeda2011,
 author = {Uyeda, Josef C. and Hansen, Thomas F and Arnold, Stevan J and Pienaar, Jason},
 journal = {{Proc. Natl. Acad. Sci. USA.}},
 number = {38},
 pages = {15908--15913},
 title = {{The million-year wait for macroevolutionary bursts}},
 volume = {108},
 year = {2011}
 }
 @article{Freckleton2006,
 author = {Freckleton, R P and Harvey, P H},
 journal = {PLoS Biol.},
 number = {11},
 pages = {e373},
 title = {{Detecting non-Brownian trait evolution in adaptive radiations}},
 volume = {4},
 year = {2006}
 }
 @article{Estes2007,
 author = {Estes, Suzanne and Arnold, Stevan J},
 journal = {Am. Nat.},
 number = {2},
 pages = {227--244},
 title = {{Resolving the paradox of stasis: models with stabilizing selection explain evolutionary divergence on all timescales}},
 volume = {169},
 year = {2007}
 }
 @article{Edwards2000,
 author = {Edwards, Scott V and Beerli, Peter},
 journal = {Evolution},
 number = {6},
 pages = {1839--1854},
 title = {{Perspective: gene divergence, population divergence, and the variance in coalescence time in phylogeographic studies}},
 volume = {54},
 year = {2000}
 }
 @article{Keightley1988,
 author = {Keightley, P D and Hill, W G},
 journal = {Genet. Res.},
 keywords = {TPG Polyg},
 number = {1},
 pages = {33--43},
 title = {{Quantitative genetic variability maintained by mutation/stabilising selection balance in finite populations}},
 volume = {52},
 year = {1988}
 }
 
 @article{Berg2014,
 author = {Berg, Jeremy J and Coop, Graham},
 journal = {PLoS Genet.},
 number = {8},
 pages = {e1004412},
 title = {{A population genetic signal of polygenic adaptation}},
 volume = {10},
 year = {2014}
 }
 
 @article{Lynch1989,
 author = {Lynch, Michael},
 journal = {Evolution},
 number = {1},
 pages = {1--17},
 title = {{Phylogenetic hypotheses under the assumption of neutral quantitative-genetic variation}},
 volume = {43},
 year = {1989}
 }
 
 @article{Simons2018,
 author = {Simons, Yuval B and Bullaughey, Keving and Hudson, Richard R and Sella, Guy},
 journal = {PLoS Biol.},
 number = {3},
 pages = {e2002985},
 title = {{A population genetic interpretation of GWAS findings for human quantitative traits}},
 volume = {16},
 year = {2018}
 }

@incollection{muller40,
  author={H J Muller},
  title={{Bearing of the \emph{Drosophila} work on systematics}},
  booktitle={The new systematics},
  editor={J S Huxley},
  publisher={Clarendon Press, Oxford},
  pages={185-268},
  year={1940}
}

@book{maynard78,
  author={John {Maynard Smith}},
  title={{The evolution of sex}},
  publisher={{Cambridge University Press}},
  year={1978}
}

@article{pease2016,
author = {Pease, James B and Haak, David C and Hahn, Matthew W and Moyle, Leonie C},
journal = {{PLoS Biol.}},
number = {2},
pages = {e1002379},
title = {{Phylogenomics reveals three sources of adaptive variation during a rapid radiation}},
volume = {14},
year = {2016}
}

@article{martin13,
author = {Martin, S H and Dasmahapatra, K K and Nadeau, N J and Salazar, C and Walters, J R and Simpson, F and Blaxter, M and Manica, A and Mallet, J and Jiggins, C D},
journal = {{Genome Res.}},
number = {11},
pages = {1817--28},
pmid = {24045163},
title = {{Genome-wide evidence for speciation with gene flow in Heliconius butterflies}},
volume = {23},
year = {2013}
}

@article{kawahara19,
  author={Akito Y Kawahara and David Plotkin and Marianne Espeland and Karen Meusemann and Emmanuel F A Toussaint and Alexander Donath and France Gimnich and Paul B Frandsen and Andreas Zwick and Mario dos Reis and Jesse R Barber and Ralph S Peters and Shanlin Liu and Xin Zhou and Christoph Mayer and Lars Podsiadlowski and Caroline Storer and Jayne E Yack and Bernhard Misof and Jesse W Breinholdt},
  title={Phylogenomics reveals the evolutionary timing and pattern of butterflies and moths},
  journal={{Proc. Natl. Acad. Sci. USA.}},
  volume={116},
  issue={45},
  pages={22657--63},
  year={2019}
} 

@article{jarvis14,
author = {Erich D. Jarvis  and Siavash Mirarab  and Andre J. Aberer  and Bo Li  and Peter Houde  and Cai Li  and Simon Y. W. Ho  and Brant C. Faircloth  and Benoit Nabholz  and Jason T. Howard  and Alexander Suh  and Claudia C. Weber  and Rute R. da Fonseca  and Jianwen Li  and Fang Zhang  and Hui Li  and Long Zhou  and Nitish Narula  and Liang Liu  and Ganesh Ganapathy  and Bastien Boussau  and Md. Shamsuzzoha Bayzid  and Volodymyr Zavidovych  and Sankar Subramanian  and Toni Gabaldón  and Salvador Capella-Gutiérrez  and Jaime Huerta-Cepas  and Bhanu Rekepalli  and Kasper Munch  and Mikkel Schierup  and Bent Lindow  and Wesley C. Warren  and David Ray  and Richard E. Green  and Michael W. Bruford  and Xiangjiang Zhan  and Andrew Dixon  and Shengbin Li  and Ning Li  and Yinhua Huang  and Elizabeth P. Derryberry  and Mads Frost Bertelsen  and Frederick H. Sheldon  and Robb T. Brumfield  and Claudio V. Mello  and Peter V. Lovell  and Morgan Wirthlin  and Maria Paula Cruz Schneider  and Francisco Prosdocimi  and José Alfredo Samaniego  and Amhed Missael Vargas Velazquez  and Alonzo Alfaro-Núñez  and Paula F. Campos  and Bent Petersen  and Thomas Sicheritz-Ponten  and An Pas  and Tom Bailey  and Paul Scofield  and Michael Bunce  and David M. Lambert  and Qi Zhou  and Polina Perelman  and Amy C. Driskell  and Beth Shapiro  and Zijun Xiong  and Yongli Zeng  and Shiping Liu  and Zhenyu Li  and Binghang Liu  and Kui Wu  and Jin Xiao  and Xiong Yinqi  and Qiuemei Zheng  and Yong Zhang  and Huanming Yang  and Jian Wang  and Linnea Smeds  and Frank E. Rheindt  and Michael Braun  and Jon Fjeldsa  and Ludovic Orlando  and F. Keith Barker  and Knud Andreas Jønsson  and Warren Johnson  and Klaus-Peter Koepfli  and Stephen O’Brien  and David Haussler  and Oliver A. Ryder  and Carsten Rahbek  and Eske Willerslev  and Gary R. Graves  and Travis C. Glenn  and John McCormack  and Dave Burt  and Hans Ellegren  and Per Alström  and Scott V. Edwards  and Alexandros Stamatakis  and David P. Mindell  and Joel Cracraft  and Edward L. Braun  and Tandy Warnow  and Wang Jun  and M. Thomas P. Gilbert  and Guojie Zhang },
title = {Whole-genome analyses resolve early branches in the tree of life of modern birds},
journal = {Science},
volume = {346},
number = {6215},
pages = {1320-1331},
year = {2014},
doi = {10.1126/science.1253451},
URL = {https://www.science.org/doi/abs/10.1126/science.1253451},
eprint = {https://www.science.org/doi/pdf/10.1126/science.1253451},
abstract = {To better determine the history of modern birds, we performed a genome-scale phylogenetic analysis of 48 species representing all orders of Neoaves using phylogenomic methods created to handle genome-scale data. We recovered a highly resolved tree that confirms previously controversial sister or close relationships. We identified the first divergence in Neoaves, two groups we named Passerea and Columbea, representing independent lineages of diverse and convergently evolved land and water bird species. Among Passerea, we infer the common ancestor of core landbirds to have been an apex predator and confirm independent gains of vocal learning. Among Columbea, we identify pigeons and flamingoes as belonging to sister clades. Even with whole genomes, some of the earliest branches in Neoaves proved challenging to resolve, which was best explained by massive protein-coding sequence convergence and high levels of incomplete lineage sorting that occurred during a rapid radiation after the Cretaceous-Paleogene mass extinction event about 66 million years ago.}}


﻿@article{brawand14,
author={Brawand, David
and Wagner, Catherine E.
and Li, Yang I.
and Malinsky, Milan
and Keller, Irene
and Fan, Shaohua
and Simakov, Oleg
and Ng, Alvin Y.
and Lim, Zhi Wei
and Bezault, Etienne
and Turner-Maier, Jason
and Johnson, Jeremy
and Alcazar, Rosa
and Noh, Hyun Ji
and Russell, Pamela
and Aken, Bronwen
and Alf{\"o}ldi, Jessica
and Amemiya, Chris
and Azzouzi, Naoual
and Baroiller, Jean-Fran{\c{c}}ois
and Barloy-Hubler, Frederique
and Berlin, Aaron
and Bloomquist, Ryan
and Carleton, Karen L.
and Conte, Matthew A.
and D'Cotta, Helena
and Eshel, Orly
and Gaffney, Leslie
and Galibert, Francis
and Gante, Hugo F.
and Gnerre, Sante
and Greuter, Lucie
and Guyon, Richard
and Haddad, Natalie S.
and Haerty, Wilfried
and Harris, Rayna M.
and Hofmann, Hans A.
and Hourlier, Thibaut
and Hulata, Gideon
and Jaffe, David B.
and Lara, Marcia
and Lee, Alison P.
and MacCallum, Iain
and Mwaiko, Salome
and Nikaido, Masato
and Nishihara, Hidenori
and Ozouf-Costaz, Catherine
and Penman, David J.
and Przybylski, Dariusz
and Rakotomanga, Michaelle
and Renn, Suzy C. P.
and Ribeiro, Filipe J.
and Ron, Micha
and Salzburger, Walter
and Sanchez-Pulido, Luis
and Santos, M. Emilia
and Searle, Steve
and Sharpe, Ted
and Swofford, Ross
and Tan, Frederick J.
and Williams, Louise
and Young, Sarah
and Yin, Shuangye
and Okada, Norihiro
and Kocher, Thomas D.
and Miska, Eric A.
and Lander, Eric S.
and Venkatesh, Byrappa
and Fernald, Russell D.
and Meyer, Axel
and Ponting, Chris P.
and Streelman, J. Todd
and Lindblad-Toh, Kerstin
and Seehausen, Ole
and Di Palma, Federica},
title={The genomic substrate for adaptive radiation in African cichlid fish},
journal={Nature},
year={2014},
month={Sep},
day={01},
volume={513},
number={7518},
pages={375-381},
abstract={Cichlid fishes are famous for large, diverse and replicated adaptive radiations in the Great Lakes of East Africa. To understand the molecular mechanisms underlying cichlid phenotypic diversity, we sequenced the genomes and transcriptomes of five lineages of African cichlids: the Nile tilapia (Oreochromis niloticus), an ancestral lineage with low diversity; and four members of the East African lineage: Neolamprologus brichardi/pulcher (older radiation, Lake Tanganyika), Metriaclima zebra (recent radiation, Lake Malawi), Pundamilia nyererei (very recent radiation, Lake Victoria), and Astatotilapia burtoni (riverine species around Lake Tanganyika). We found an excess of gene duplications in the East African lineage compared to tilapia and other teleosts, an abundance of non-coding element divergence, accelerated coding sequence evolution, expression divergence associated with transposable element insertions, and regulation by novel microRNAs. In addition, we analysed sequence data from sixty individuals representing six closely related species from Lake Victoria, and show genome-wide diversifying selection on coding and regulatory variants, some of which were recruited from ancient polymorphisms. We conclude that a number of molecular mechanisms shaped East African cichlid genomes, and that amassing of standing variation during periods of relaxed purifying selection may have been important in facilitating subsequent evolutionary diversification.},
issn={1476-4687},
doi={10.1038/nature13726},
url={https://doi.org/10.1038/nature13726}
}



@article{hopkins12,
  author={Robin Hopkins and Mark D Rausher},
  title={{Pollinator-mediated selection on flower color allele drives reinforcement}},
  journal={Science},
  volume={335},
  issue={6072},
  pages={1090-92},
  year={2012}
}

@article{roda17,
  author={Federico Roda and F\'{a}bio K Mendes and Matthew W Hahn and Robin Hopkins},
  title={{Genomic evidence of gene flow during reinforcement in Texas \emph{Phlox}}},
  journal={Mol. Ecol.},
  volume={26},
  issue={8},
  pages={2317-30},
  year={2017}
}

@article{kolgomorov,
  author={A N Kolgomorov},
  title={Sulla determinazione empirica di una legge di distribuzione},
  journal={{Giornale dell’ Instituto Italiano degli Attuari}},
  volume={4},
  pages={83--91},
  year={1933}
}

@article{smirnov,
  author={N Smirnov},
  title={Table for estimating the goodness of fit of empirical distributions},
  journal={{Ann. Math. Stat.}},
  volume={19},
  issue={2},
  pages={279--81},
  year={1948}
}

@article{ks,
  author={Frank J. {{Massey Jr.}}},
  title={{The Kolmogorov-Smirnov test for goodness of fit}},
  journal={{J. Am. Stat. Assoc.}},
  pages={68--78},
  volume={46},
  issue={253},
  year={1951}
}

@article{mh,
  author={W K Hastings},
  title={{Monte Carlo sampling methods using Markov chains and their applications}},
  journal={Biometrika},
  volume={57},
  issue={1},
  year={1970}
}

@article{yang97,
  author={Ziheng Yang and Bruce Rannala},
  title={{{B}ayesian phylogenetic inference using DNA sequences: a Markov chain Monte Carlo method}},
  journal={{Mol. Biol. Evol.}},
  volume={14},
  issue={7},
  pages={717-24},
  year={1997}
}

@article{mau99,
  author={Bob Mau and Michael A Newton and Bret Larget},
  title={{B}ayesian phylogenetic inference via {Markov chain Monte Carlo} methods},
  journal={Biometrics},
  volume={55},
  pages={1--12},
  year={1999}
}

@article{drummond02,
  author={Alexei J Drummond and Geoff K Nicholls and Allen G Rodrigo and Wiremu Solomon},
  title={{Estimating mutation parameters, population history and genealogy simultaneously from temporally spaced sequence data}},
  journal={Genetics},
  volume={161},
  issue={3},
  pages={1307--20},
  year={2002}
}

@article{huelsenbeck00,
  author={John P Huelsenbeck and Bret Larget and David Swofford},
  title={A compound {Poisson} process for relaxing the molecular clock},
  journal={Genetics},
  volume={154},
  issue={4},
  pages={1879--92},
  year={2000}
}  

@article{huelsenbeck04,
  author={John P Huelsenbeck and Bret Larget and Michael E Alfaro},
  title={{{B}ayesian phylogenetic model selection using reversible jump Markov chain Monte Carlo}},
  journal={{Mol. Biol. Evol.}},
  volume={21},
  number={6},
  pages={1123--33},
  year={2004}
}

@article{pybus03,
  author={Oliver G Pybus and Alexei J Drummond and T Nakano and B H Robertson and Andrew Rambaut},
  title={{The epidemiology and iatrogenic transmission of hepatitis C virus in Egypt: a {B}ayesian coalescent approach}},
  journal={{Mol. Biol. Evol.}},
  volume={20},
  issue={3},
  pages={381--7},
  year={2003}
}

@incollection{lunter03,
  author={Gerton Lunter and Istv\'{a}n Mik\'{o}s and Alexei Drummond and Jens Ledet Jensen and Jotun Hein},
  title={{{B}ayesian phylogenetic inference under a statistical insertion-deletion model}},
  booktitle={{Algorithms in Bioinformatics}},
  publisher={{Springer}},
  pages={228--44},
  year={2003}
} 

@article{drummond05,
  author={Alexei J Drummond and Andrew Rambaut and Beth Shapiro and Oliver G Pybus},
  title={{{B}ayesian coalescent inference of past population dynamics from molecular sequences}},
  journal={{Mol. Biol. Evol.}},
  volume={22},
  issue={5},
  pages={1185--92},
  year={2005}
}

@article{drummond06,
  title={{Relaxed phylogenetics and dating with confidence}},
  author={Alexei J Drummond and Simon Y W Ho and Matthew J Phillips and Andrew Rambaut},
  journal={{PLoS Biology}},
  volume={4},
  issue={5},
  pages={e88},
  year={2006}
}

@article{ho09,
  title={Accounting for calibration uncertainty in phylogenetic estimation of evolutionary divergence times},
  author={Simon Y W Ho and Matthew J Phillips},
  journal={{Syst. Biol.}},
  volume={58},
  issue={3},
  pages={367–380},
  year={2009}
}

@article{than08,
  title={{PhyloNet: a software package for analyzing and reconstructing reticulate evolutionary relationships}},
  author={Cuong Than and Derek Ruths and Luay Nakhleh},
  journal={{BMC Bioinform.}},
  volume={9},
  pages={322},
  year={2008}
} 

@article{heled08,
  title={{{B}ayesian inference of population size history from multiple loci}},
  author={Joseph Heled and Alexei J Drummond},
  journal={{BMC Evol. Biol}},
  volume={8},
  pages={289},
  year={2008}
}

@article{drummond08,
  title={{Fully {B}ayesian tests of neutrality using genealogical summary statistics}},
  author={Alexei J Drummond and Marc Suchard},
  journal={{BMC Genet.}},
  volume={9},
  pages={68},
  year={2008}
}

@article{lemey09,
  title={{{B}ayesian phylogeography finds its roots}},
  author={Philippe Lemey and Andrew Rambaut and Alexei J Drummond and Marc A Suchard},
  journal={{PLoS Comp. Biol.}},
  volume={5},
  issue={9},
  pages={e1000520},
  year={2009}
}

@article{heled10,
  title={{{B}ayesian inference of species tree from multilocus data}},
  author={Joseph Heled and Alexei J Drummond},
  journal={{Mol. Biol. Evol.}},
  volume={27},
  issue={3},
  pages={570--80},
  year={2010}
}

@article{drummond10,
  title={{{B}ayesian random local clocks, or one rate to rule them all}},
  author={Alexei J Drummond and Marc Suchard},
  journal={{BMC Biol.}},
  volume={8},
  pages={114},
  year={2010}
}

@article{wu11,
  title={{Joint inference of microsatellite mutation models, population history and genealogies using transdimensional Markov chain Monte Carlo}},
  author={Chieh-Hsi Wu and Alexei J Drummond},
  journal={Genetics},
  volume={188},
  issue={1},
  pages={151--64},
  year={2011}
}

@article{stadler12,
  title={{Estimating the basic reproductive number from viral sequence data}},
  author={Tanja Stadler and Roger Kouyos and Viktor von Wyl and Sabine Yerly and J\"{u}rg B\"{o}ni and Philippe B\"{u}rgisser and Thomas Klimkait and  Beda Joos and Philip Rieder and  Dong Xie and  Huldrych F. G\"{u}nthard and  Alexei J Drummond and Sebastian Bonhoeffer and {the Swiss HIV Cohort Study}},
  journal={{Mol. Biol. Evol.}},
  volume={29},
  issue={1},
  year={2012}
}

@article{li12,
  title={{Model averaging and Bayes factor calculation of relaxed molecular clocks in {B}ayesian phylogenetics}},
  author={Wai Lok Sibon Li and Alexei J Drummond},
  journal={{Mol. Biol. Evol.}},
  volume={29},
  issue={2},
  pages={751--61},
  year={2012}
}  

@article{hohna12,
  title={Guided tree topology proposals for {{B}ayesian} phylogenetic inference},
  author={Sebastian H\"{o}hna and Alexei J Drummond},
  journal={{Syst. Biol.}},
  volume={61},
  issue={1},
  pages={1--11},
  year={2012}
}

@article{heled12,
  title={Calibrated tree priors for relaxed phylogenetics and divergence time estimation},
  author={Joseph Heled and Alexei J Drummond},
  journal={{Syst. Biol.}},
  volume={61},
  issue={1},
  pages={138--49},
  year={2012}
}

@article{eastman11,
  author={J M Eastman and M E Alfaro and P Joyce and A L Hipp and L J Harmon},
  title={{A novel comparative method for identifying shifts in the rate of character evolution on trees}},
  journal={Evolution},
  volume={65},
  pages={3578--89},
  year={2011}
}

@article{heath12a,
  author={Tracy A Heath},
  title={{A hierarchical {B}ayesian model for calibrating estimates of species divergence times}},
  journal={{Syst. Biol.}},
  volume={61},
  issue={5},
  pages={793--809},
  year={2012}
}

@article{heath12b,
  author={Tracy A Heath and Mark T Holder and John P Huelsenbeck},
  title={{A Dirichlet process prior for estimating lineage-specific substitution rates}},
  journal={{Mol. Biol. Evol.}},
  volume={29},
  issue={3},
  pages={939--55},
  year={2012}
}

@article{heath14,
  author={Tracy A Heath and John P Huelsenbeck and Tanja Stadler},
  title={The fossilized birth–death process for coherent calibration of divergence-time estimates},
  journal={{Proc. Natl. Acad. Sci. USA.}},
  volume={111},
  issue={29},
  pages={E2957--66},
  year={2014}
}

@article{landis13a,
  author={Michael J Landis and Nicholas J Matzke and Brian R Moore and John P Huelsenbeck},
  title={{{B}ayesian} analysis of biogeography when the number of areas is large},
  journal={{Syst. Biol.}},
  volume={62},
  issue={6},
  pages={789--94},
  year={2013}
}

@article{landis13b,
  author={Michael J Landis and Joshua G Schraiber and Mason Liang},
  title={{Phylogenetic analysis using L\'{e}vy processes: finding jumps in the evolution of continuous traits}},
  journal={{Syst. Biol.}},
  volume={62},
  issue={2},
  pages={193--204},
  year={2013}
}
  

@article{wu13,
  title={{{B}ayesian selection of nucleotide substitution models and their site assignments}},
  author={Chieh-Hsi Wu and Marc A Suchard and Alexei J Drummond},
  journal={{Mol. Biol. Evol.}},
  volume={30},
  issue={3},
  pages={669--88},
  year={2013}
}

@article{stadler13b,
  title={Recovering speciation and extinction dynamics based on phylogenies},
  author={Tanja Stadler},
  journal={{J. Evol. Biol.}},
  volume={26},
  pages={1203--1219},
  year={2013}
}

@article{stadler13,
  title={{Birth–death skyline plot reveals temporal changes of epidemic spread in HIV and hepatitis C virus (HCV)}},
  author={Tanja Stadler and Denise K\"{u}hnert and Sebastian Bonhoeffer and Alexei J Drummond},
  journal={{Proc. Natl. Acad. Sci. USA.}},
  volume={110},
  issue={1},
  pages={228--33},
  year={2013}
}

@article{vaughan14,
  title={{Efficient {B}ayesian inference under the structured coalescent}},
  author={Timothy G Vaughan and Denise K\"{u}hnert and Alex Popinga and David Welch and Alexei J Drummond},
  journal={Bioinformatics},
  volume={30},
  issue={16},
  pages={2272--79},
  year={2014}
}

@article{kuhnert14,
  title={Simultaneous reconstruction of evolutionary history and epidemiological dynamics from viral sequences with the birth-death {SIR} model},
  author={Denise K\"{u}hnert and Tanja Stadler and Timothy G Vaughan and Alexei J Drummond},
  journal={{J. R. Soc. Interface}},
  volume={11},
  issue={94},
  pages={20131106},
  year={2014}
}

@article{gavryushkina14,
  title={{{B}ayesian inference of sampled ancestor trees for epidemiology and fossil calibration}},
  author={Alexandra Gavryushkina and David Welch and Tanja Stadler and Alexei J Drummond},
  journal={{PLoS Comp. Biol.}},
  volume={10},
  issue={12},
  pages={e1003919},
  year={2014}
}

@article{popinga15,
  title={Inferring epidemiological dynamics with {{B}ayesian} coalescent inference: the merits of deterministic and stochastic models},
  author={Alex Popinga and Tim Vaughan and Tanja Stadler and Alexei J Drummond},
  journal={Genetics},
  volume={199},
  issue={2},
  pages={595--607},
  year={2015}
}

@article{uyeda14,
  author={Josef Uyeda and Luke J Harmon},
  title={{A novel {B}ayesian method for inferring and interpreting the dynamics of adaptive landscapes from phylogenetic comparative data}},
  journal={{Syst. Biol.}},
  volume={62},
  issue={6},
  pages={902--18},
  year={2014}
}  

@article{heled15,
  author={Joseph Heled and Alexei J Drummond},
  title={{Calibrated birth-death phylogenetic time-tree priors for {B}ayesian inference}},
  journal={{Syst. Biol.}},
  volume={64},
  issue={3},
  pages={369--83},
  year={2015}
}

@article{kuhnert16,
  author={Denise K\"{u}hnert and Tanja Stadler and Timothy G Vaughan and Alexei J Drummond},
  title={Phylodynamics with migration: a computational framework to quantify population structure from genomic data},
  journal={{Mol. Biol. Evol.}},
  volume={33},
  issue={8},
  pages={2102--16},
  year={2016}
}

@article{kostikova16,
  author={Anna Kostikova and Daniele Silvestro and Peter B Pearman and Nicolas Salamin},
  title={Bridging inter- and intraspecific trait evolution with a hierarchical {{B}ayesian} approach},
  volume={65},
  issue={3},
  journal={{Syst. Biol.}},
  pages={417--31},
  year={2016}
}  

@article{vaughan17,
  author={Timothy G Vaughan and David Welch and Alexei J Drummond and Patrick J Biggs and Tessy George and Nigel P French},
  title={Inferring ancestral recombination graphs from bacterial genomic data},
  journal={Genetics},
  volume={205},
  issue={2},
  pages={857--70},
  year={2017}
}

@article{ogilvie17,
  author={Huw A Ogilvie and Remco R Bouckaert and Alexei J Drummond},
  title={{StarBEAST2 brings faster species tree inference and accurate estimates of substitution rates}},
  journal={{Mol. Biol. Evol.}},
  volume={34},
  issue={8},
  pages={2101--14},
  year={2017}
}

@article{bouckaert17,
  author={Remco R Bouckaert and Alexei J Drummond},
  title={{bModelTest: {B}ayesian phylogenetic site model averaging and model comparison}},
  journal={{BMC Evol. Biol.}},
  volume={17},
  pages={42},
  year={2017}
}

@article{zhang17,
  author={Chi Zhang and Huw A Ogilvie and Alexei J Drummond and Tanja Stadler},
  title={{{B}ayesian inference of species networks from multilocus sequence data}},
  journal={{Mol. Biol. Evol.}},
  volume={35},
  issue={2},
  pages={504-17},
  year={2017}
}

@article{caetano17,
  author={D S Caetano and Luke J Harmon},
  title={{ratematrix: an R package for studying evolutionary integration among several traits on phylogenetic trees}},
  journal={{Methods Ecol. Evol.}},
  volume={8},
  pages={1920--27},
  year={2017}
}

@article{carretero18,
  author={Sandra {\'{A}lvarez-Carretero} and Anjali Goswami and Ziheng Yang and Mario dos Reis},
  title={{{B}ayesian estimation of species divergence times using correlated quantitative characters}},
  journal={{Syst. Biol.}},
  volume={68},
  issue={6},
  pages={967--86},
  year={2018}
}

@article{silvestro19,
  author={Daniele Silvestro and Marcelo F Tejedor and Martha L {Serrano-Serrano} and Oriane Loiseau and Victor Rossier and Jonathan Rolland and Alexander Zizka and Sebastian H\"{o}hna and Alexandre Antonelli and Nicolas Salamin},
  title={{Early arrival and climatically-linked geographic expansion of New World monkeys from tiny African ancestors}},
  journal={{Syst. Biol.}},
  volume={68},
  issue={1},
  pages={78--92},
  year={2019}
}

@article{best07,
  author={Scott Edwards and Liang Liu and Dennis K Pearl},
  title={High-resolution species trees without concatenation},
  journal={{Proc. Natl. Acad. Sci. USA.}},
  volume={104},
  issue={14},
  year={2007}
}

@article{liu11,
  author={Liang Liu and Lili Yu and Venugopal Kalavacharla and Zhanji Liu},
  title={{A {B}ayesian model for gene family evolution}},
  journal={{BMC Bioinform.}},
  volume={12},
  pages={426},
  year={2011}
}

@book{gelman,
  author={Andrew Gelman and John B Carlin and Hal S Stern and David B Dunson and Aki Vehtari and Donald B Rubin},
  title={{B}ayesian data analysis},
  publisher={{CRC Press}},
  address={{Boca Raton, Florida}},
  year={2013}
}

@incollection{kot01,
  author={Michael Kot},
  booktitle={{Elements of mathematical ecology}},
  publisher={{Cambridge University Press}},
  year={2001}
}

@article{smith93,
  author={A F M Smith and G O Roberts},
  title={{{B}ayesian computation via the Gibbs sampler and related Markov chain Monte Carlo methods}},
  journal={{J. R. Stat. Soc. B}},
  volume={55},
  pages={3--23},
  year={1993}
}

@article{tierney94,
  author={L Tierney},
  title={{Markov} chains for exploring posterior distributions},
  journal={{Ann. Stat.}},
  volume={22},
  pages={1701--62},
  year={1994}
}

    @article{han13,
  author={Mira V Han and  Gregg W C Thomas and Jose Lugo-Martinez and Matthew W Hahn},
  title={Estimating gene gain and loss rates in the presence of error in genome assembly and annotation using {CAFE 3}},
  journal={{Mol. Biol. Evol.}},
  volume={30},
  issue={8},
  pages={1987--97},
  year={2013}
}

@article{mccormack09,
  author={John E McCormack and Huateng Huang and {L Lacey} Knowles},
  title={Maximum likelihood estimates of species trees: how accuracy of phylogenetic inference depends upon the divergence history and sampling design},
  journal={{Syst. Biol.}},
  volume={58},
  issue={5},
  pages={501--8},
  year={2009}
}

@article{mendes18,
  author={F\'{a}bio K Mendes and Matthew W Hahn},
  title={Why concatenation fails near the anomaly zone},
  journal={{Syst. Biol.}},
  volume={67},
  issue={1},
  pages={158--69},
  year={2017}
}

@article{dawid82,
  author={A P Dawid},
  title={{The well-calibrated {B}ayesian}},
  journal={{J. Am. Stat. Assoc.}},
  volume={77},
  issue={379},
  pages={605--10},
  year={1982}
}

@article{green95,
  author={P J Green},
  title={{Reversible jump Markov chain Monte Carlo computation and {B}ayesian model determination}},
  journal={Biometrika},
  volume={82},
  pages={711--32},
  year={1995}
}

@article{beast25,
  title={{BEAST 2.5: An advanced software platform for {B}ayesian evolutionary analysis}},
  author={Remco Bouckaert and Timothy G. Vaughan and Jo\"{e}lle Barido-Sottani and Sebasti\'{a}n Duch\^{e}ne and Mathieu Fourment and Alexandra Gavryushkina and Joseph Heled and Graham Jones and Denise K\"{u}hnert and Nicola De Maio and Nichael Matschiner and Nicola F M\"{u}ller and Huw Ogilvie and Louis du Plessis and Alexandra Popinga and F\'{a}bio K. Mendes and Andrew Rambaut and David Rasmussen and Igor Siveroni and Marc A. Suchard and Chieh-Hsi Wu and Dong Xie and Chi Zhang and Tanja Stadler and Alexei J. Drummond},
  journal={{PLoS Comp. Biol.}},
  volume={15},
  issue={4},
  pages={e1006650},
  year={2019}
}

@article{Billera2001,
  title={Geometry of the space of phylogenetic trees},
  author={Billera, Louis J and Holmes, Susan P and Vogtmann, Karen},
  journal={{Adv. Appl. Math.}},
  volume={27},
  number={4},
  pages={733--767},
  year={2001},
  publisher={Elsevier}
}

@article{cook06,
  title={Validation of software for {B}ayesian models using posterior quantiles},
  author={Cook, Samantha R and Gelman, Andrew and Rubin, Donald B},
  journal={{J. Comput. Graph. Stat.}},
  volume={15},
  number={3},
  pages={675--692},
  year={2006},
  publisher={Taylor \& Francis}
}

@article{Kendall2016,
  title={Mapping phylogenetic trees to reveal distinct patterns of evolution},
  author={Kendall, Michelle and Colijn, Caroline},
  journal={{Mol. Biol. Evol.}},
  volume={33},
  number={10},
  pages={2735--2743},
  year={2016},
  publisher={Oxford University Press}
}

@article{Talts2018,
  title={Validating {B}ayesian Inference Algorithms with Simulation-Based Calibration},
  author={Talts, Sean and Betancourt, Michael and Simpson, Daniel and Vehtari, Aki and Gelman, Andrew},
  journal={arXiv preprint arXiv:1804.06788},
  year={2018}
}

@article{Sailynoja2021,
  title={Graphical Test for Discrete Uniformity and its Applications in Goodness of Fit Evaluation and Multiple Sample Comparison},
  author={S{\"a}ilynoja, Teemu and B{\"u}rkner, Paul-Christian and Vehtari, Aki},
  journal={arXiv preprint arXiv:2103.10522},
  year={2021}
}

@book{Billingsley1986,
  title={Probability and measure},
  author={Billingsley, Patrick},
  year={1986},
  edition={Second},
  publisher={{John Wiley \& Sons}}
}

@article{inla,
  title={Approximate {B}ayesian inference for latent Gaussian models by using integrated nested Laplace approximations},
  author={Rue, H{\aa}vard and Martino, Sara and Chopin, Nicolas},
  journal={{J. R. Stat. Soc., B: Stat.}},
  volume={71},
  number={2},
  pages={319--392},
  year={2009},
  publisher={Wiley Online Library}
}

@article{rwty,
  title={RWTY (R We There Yet): an R package for examining convergence of {B}ayesian phylogenetic analyses},
  author={Warren, Dan L and Geneva, Anthony J and Lanfear, Robert},
  journal={{Mol. Biol. Evol.}},
  volume={34},
  number={4},
  pages={1016--1020},
  year={2017},
  publisher={Oxford University Press}
}

@article{magee2023,
  title={How trustworthy is your tree? {B}ayesian phylogenetic effective sample size through the lens of {M}onte {C}arlo error},
  author={Magee, Andrew and Karcher, Michael and Matsen IV, Frederick A and Minin, Volodymyr M},
  journal={{{B}ayesian Anal.}},
  volume={1},
  number={1},
  pages={1--29},
  year={2023},
  publisher={International Society for {B}ayesian Analysis}
}

@article{fabreti2022,
  title={Convergence assessment for {B}ayesian phylogenetic analysis using MCMC simulation},
  author={Fabreti, Luiza Guimaraes and H{\"o}hna, Sebastian},
  journal={{Methods Ecol. Evol.}},
  volume={13},
  number={1},
  pages={77--90},
  year={2022},
  publisher={Wiley Online Library}
}

@article{levins1966,
  title={The strategy of model building in population biology},
  author={Levins, Richard},
  journal={{Am. Sci.}},
  volume={54},
  number={4},
  pages={421--431},
  year={1966},
  publisher={JSTOR}
}

@inproceedings{Gelman1996,
  title={Model checking and model improvement},
  author={Gelman, Andrew and Meng, Xiao-Li},
  booktitle={{Markov chain Monte Carlo} in Practice: Interdisciplinary Statistics},
  pages={189--201},
  year={1996},
  organization={{Chapman and Hall}}
}

@article{Gelman2020,
  title={{B}ayesian workflow},
  author={Gelman, Andrew and Vehtari, Aki and Simpson, Daniel and Margossian, Charles C and Carpenter, Bob and Yao, Yuling and Kennedy, Lauren and Gabry, Jonah and B{\"u}rkner, Paul-Christian and Modr{\'a}k, Martin},
  journal={arXiv preprint arXiv:2011.01808},
  year={2020}
}

@article{steel1988,
  title={Distribution of the symmetric difference metric on phylogenetic trees},
  author={Steel, Michael Anthony},
  journal={{SIAM J. Discrete Math}},
  volume={1},
  number={4},
  pages={541--551},
  year={1988},
  publisher={SIAM}
}

@article{Birnbaum1951,
  title={One-sided confidence contours for probability distribution functions},
  author={Birnbaum, ZW and Tingey, Fred H},
  journal={{Ann. Math. Stat.}},
  pages={592--596},
  year={1951},
  publisher={JSTOR}
}

@article{Furnas1984,
  title={The generation of random, binary unordered trees},
  author={Furnas, George W},
  journal={Journal of Classification},
  volume={1},
  number={1},
  pages={187--233},
  year={1984},
  publisher={Springer}
}

@article{Colijn2018,
  title={A metric on phylogenetic tree shapes},
  author={Colijn, Caroline and Plazzotta, Giacomo},
  journal={{Syst. Biol.}},
  volume={67},
  number={1},
  pages={113--126},
  year={2018},
  publisher={Oxford University Press}
}

@article{Maranca2024,
  title={Bijections between the multifurcating unlabeled rooted trees and the positive integers},
  author={Maranca, Alessandra Rister Portinari and Rosenberg, Noah A},
  journal={Advances in Applied Mathematics},
  volume={153},
  pages={102612},
  year={2024},
  publisher={Elsevier}
}

@article{zhang2024variational,
  title={A variational approach to {B}ayesian phylogenetic inference},
  author={Cheng Zhang and Frederick A {Matsen IV}},
  journal={{JMLR}},
  volume={25},
  pages={1--56},
  year={2024}
}

@article{bouckaert2024variational,
  title={Variational {B}ayesian phylogenies through matrix representation of tree space},
  author={Bouckaert, Remco R},
  journal={PeerJ},
  volume={12},
  pages={e17276},
  year={2024},
  publisher={PeerJ Inc.}
}
